<record><leader>00000cas a2200000 a 4500</leader><controlfield tag="001">8984084</controlfield><controlfield tag="008">821123d18031816maucr ne      0    0eng c</controlfield><datafield ind1=" " ind2=" " tag="010"><subfield code="a">sn 83021283 </subfield></datafield><datafield ind1=" " ind2=" " tag="040"><subfield code="a">MIA</subfield><subfield code="b">eng</subfield><subfield code="c">MIA</subfield><subfield code="d">NPX</subfield><subfield code="d">NPA</subfield><subfield code="d">NPY</subfield><subfield code="d">NPU</subfield><subfield code="d">DLC</subfield><subfield code="d">NJW</subfield><subfield code="d">KNP</subfield><subfield code="d">MGN</subfield><subfield code="d">NVH</subfield><subfield code="d">KNP</subfield><subfield code="d">HUL</subfield><subfield code="d">MGN</subfield><subfield code="d">CNK</subfield><subfield code="d">NVF</subfield><subfield code="d">FUG</subfield><subfield code="d">NVK</subfield><subfield code="d">OCL</subfield><subfield code="d">CVF</subfield><subfield code="d">IUL</subfield><subfield code="d">OCLCQ</subfield><subfield code="d">OCLCG</subfield><subfield code="d">DLC</subfield><subfield code="d">KRTAS</subfield><subfield code="d">OCLCQ</subfield><subfield code="d">OCLCF</subfield><subfield code="d">OCLCO</subfield><subfield code="d">EUW</subfield><subfield code="d">OCLCO</subfield></datafield><datafield ind1=" " ind2=" " tag="042"><subfield code="a">pcc</subfield></datafield><datafield ind1=" " ind2=" " tag="043"><subfield code="a">n-us-ma</subfield></datafield><datafield ind1="0" ind2="0" tag="050"><subfield code="a">Newspaper 8207</subfield></datafield><datafield ind1="0" ind2="0" tag="050"><subfield code="a">Newspaper 8197</subfield></datafield><datafield ind1="0" ind2=" " tag="130"><subfield code="a">Boston gazette (Boston, Mass. : 1803)</subfield></datafield><datafield ind1="1" ind2="0" tag="245"><subfield code="a">Boston gazette.</subfield></datafield><datafield ind1="3" ind2=" " tag="246"><subfield code="a">Boston commercial gazette</subfield></datafield><datafield ind1=" " ind2=" " tag="260"><subfield code="a">Boston [Mass.] :</subfield><subfield code="b">Russell and Cutler,</subfield><subfield code="c">1803-1816.</subfield></datafield><datafield ind1=" " ind2=" " tag="300"><subfield code="a">v.</subfield></datafield><datafield ind1=" " ind2=" " tag="310"><subfield code="a">Semiweekly</subfield></datafield><datafield ind1="0" ind2=" " tag="362"><subfield code="a">Vol. 13, no. 36 (Jan. 3, 1803)- ; -v. 47, no. 4 (Dec. 30, 1816).</subfield></datafield><datafield ind1=" " ind2=" " tag="500"><subfield code="a">The word "commercial" appears within printers' monogram device in masthead, 1816.</subfield></datafield><datafield ind1=" " ind2=" " tag="525"><subfield code="a">Supplements accompany some numbers.</subfield></datafield><datafield ind1=" " ind2=" " tag="530"><subfield code="a">Available on microfilm from Readex Microprint Corp.</subfield></datafield><datafield ind1=" " ind2="0" tag="651"><subfield code="a">Boston (Mass.)</subfield><subfield code="v">Newspapers.</subfield></datafield><datafield ind1=" " ind2="0" tag="651"><subfield code="a">Suffolk County (Mass.)</subfield><subfield code="v">Newspapers.</subfield></datafield><datafield ind1=" " ind2="7" tag="655"><subfield code="a">Newspapers.</subfield><subfield code="2">fast</subfield><subfield code="0">(OCoLC)fst01423814</subfield></datafield><datafield ind1=" " ind2="7" tag="651"><subfield code="a">Massachusetts</subfield><subfield code="z">Boston.</subfield><subfield code="2">fast</subfield><subfield code="0">(OCoLC)fst01205012</subfield></datafield><datafield ind1=" " ind2="7" tag="651"><subfield code="a">Massachusetts</subfield><subfield code="z">Suffolk County.</subfield><subfield code="2">fast</subfield><subfield code="0">(OCoLC)fst01206189</subfield></datafield><datafield ind1=" " ind2="0" tag="655"><subfield code="a">Electronic journals.</subfield></datafield><datafield ind1="1" ind2=" " tag="700"><subfield code="a">Russell, John,</subfield><subfield code="d">1764?-1831.</subfield></datafield><datafield ind1="1" ind2=" " tag="700"><subfield code="a">Cutler, James,</subfield><subfield code="d">1774-1818.</subfield></datafield><datafield ind1=" " ind2=" " tag="752"><subfield code="a">United States</subfield><subfield code="b">Massachusetts</subfield><subfield code="c">Suffolk</subfield><subfield code="d">Boston.</subfield></datafield><datafield ind1="0" ind2="0" tag="780"><subfield code="t">Boston gazette, commercial and political</subfield><subfield code="w">(DLC)sn 83021282</subfield><subfield code="w">(OCoLC)10069258</subfield></datafield><datafield ind1="0" ind2="0" tag="785"><subfield code="t">Boston commercial gazette (Boston, Mass. : Semiweekly)</subfield><subfield code="w">(DLC)sn 83021284</subfield><subfield code="w">(OCoLC)10069558</subfield></datafield><datafield ind1=" " ind2=" " tag="850"><subfield code="a">MH</subfield></datafield><datafield ind1=" " ind2=" " tag="938"><subfield code="a">Kirtas Technologies, Inc.</subfield><subfield code="b">KRTS</subfield><subfield code="n">736128</subfield></datafield></record>